%Auteurices

@book{bermu,
    title     = "Kholles de physique-chimie",
    shorttitle = {GB},
    author    = "Guillaume Bermudez (GB)",
    year      = "2020--2024",
    publisher = "\'Ecole Normale Supérieure",
}

@book{bermudez,
    title     = "Kholles de physique-chimie",
    shorttitle = {GB},
    author    = "Guillaume Bermudez (GB)",
    year      = "2020--2024",
    publisher = "\'Ecole Normale Supérieure",
}

@book{lelay,
    title     = "Kholles de physique-chimie",
    shorttitle = {G2L},
    author    = "Grégoire Le Lay (G2L)",
    year      = "2020--2023",
    publisher = "\'Ecole Normale Supérieure",
}

@book{chocron,
    title     = "Kholles de chimie",
    shorttitle = {LC},
    author    = "L\'ea Chocron (LC)",
    year      = "2020--2021",
    publisher = "\'Ecole Normale Supérieure",
}

@book{correge,
    title     = "Kholles de physique",
    shorttitle = {BC},
    author    = "Baptiste Corrège (BC)",
    year      = "2023--2024",
    publisher = "\'Ecole Normale Supérieure",
}

%Profs de prépa

@book{bedo,
    title     = "TD de physique PCSI",
    shorttitle = {TD. R. Bédoret},
    author    = "Robert Bédoret",
    year      = "2014--2015",
    publisher = "Ly\'ee Michel de Montaigne, Bordeaux",
}

@book{potier,
    title     = "TD de physique PC*",
    shorttitle = {TD. L. Potier},
    author    = "Laurent Potier",
    year      = "2015--2017",
    publisher = "Ly\'ee Michel de Montaigne, Bordeaux",
}

@book{poublanc,
    title     = "TD du cours de chimie de PCSI",
    shorttitle = {TD. S. Poublanc},
    author    = "Sylvie Poublanc",
    year      = "2014--2015",
    publisher = "Ly\'ee Michel de Montaigne, Bordeaux",
}

@book{bessy,
    title     = "TD du cours de chimie de PC*",
    shorttitle = {TD. G. Bessy},
    author    = "Geneviève Bessy",
    year      = "2015--2017",
    publisher = "Ly\'ee Michel de Montaigne, Bordeaux",
}

@book{schlosser,
    title     = "TD de physique PCSI",
    shorttitle = {TD. N. Schlosser},
    author    = "Nicolas Schlosser",
    year      = "2015--2016",
    publisher = "Ly\'ee Louis Le Grand, Paris",
}

@book{perron,
    title     = "TD de physique PCSI",
    shorttitle = {TD. G. Perron},
    author    = "Gilles Perron",
    year      = "2018--2019",
    publisher = "Ly\'ee Louis Barthoux, Pau",
}

@book{jbb,
    title     = "Exercices de chimie organique",
    shorttitle = {TD. J.B. Baudin},
    author    = "Jean-Bernard Baudin",
    year      = "2017--2018",
    publisher = "\'Ecole Normale Supérieure, Paris",
}

%Sujets de concours

@book{classique,
    title     = "Cet exercice est un classique, qu\'il faudra savoir faire au moment des concours.",
    shorttitle = {Classique},
    author    = "",
    year      = "",
    publisher = "",
}

@book{X,
    title     = "Adapté d'un sujet du concours de l'\'Ecole Polytechnique",
    shorttitle = {X},
    author    = "",
    year      = "",
    publisher = "",
}

@book{ENS,
    title     = "Adapté d'un sujet du concours des \'Ecoles Normales Supérieures",
    shorttitle = {ENS},
    author    = "",
    year      = "",
    publisher = "",
}

@book{centrale,
    title     = "Adapté d'un sujet du concours Centrale Supélec",
    shorttitle = {Centrale},
    author    = "",
    year      = "",
    publisher = "",
}

@book{mines,
    title     = "Adapté d'un sujet du concours commun Mines-Ponts",
    shorttitle = {Mines-Ponts},
    author    = "",
    year      = "",
    publisher = "",
}

@book{mines-T,
    title     = "Adapté d'un sujet du concours commun Mines-Télécom",
    shorttitle = {Mines-Télécom},
    author    = "",
    year      = "",
    publisher = "",
}

@book{CCP,
    title     = "Adapté d'un sujet du concours commun INP ou CCP",
    shorttitle = {CCP},
    author    = "",
    year      = "",
    publisher = "",
}
% Livres

@book{strogatz,
  title={Nonlinear Dynamics and Chaos: With Applications to Physics, Biology, Chemistry, and Engineering},
  shorttitle = {S.H. Strogatz},
  author={Strogatz, S.H.},
  isbn={9780813349114},
  series={Studies in Nonlinearity},
  year={2014},
  publisher={Avalon Publishing}
}

@book{uhl2019-1,
  title={Physique -- Questions ouvertes -- 1re ann{\'e}e de CPGE scientifiques},
  shorttitle={Uhl, \textit{Questions ouverts v. 1}},
  author={Uhl, L.},
  year={2019},
  publisher={Ellipses}
}


% DB exercices

@book{BEOS,
    title     = "Base d'épreuves orales scientifiques de concours aux grandes écoles",
    shorttitle = {BEOS},
    author    = "{'Union des Professeurs de classes préparatoires Scientifiques}",
    year      = "",
    publisher = "",
}

% Articles

@article{CurzonAhlborn1975,
    author = {Curzon,F. L.  and Ahlborn,B. },
    title = {Efficiency of a Carnot engine at maximum power output},
    shorttitle = {Curzon et Ahlborn, 1975},
    journal = {American Journal of Physics},
    volume = {43},
    number = {1},
    pages = {22-24},
    year = {1975},
    doi = {10.1119/1.10023},
    URL = {https://doi.org/10.1119/1.10023},
    eprint = {https://doi.org/10.1119/1.10023}
}